<record><leader>00000cas a22000007a 4500</leader><controlfield tag="001">45875685</controlfield><controlfield tag="008">010208d20002001azuwr ne      0   a0eng d</controlfield><datafield ind1=" " ind2=" " tag="010"><subfield code="a">sn2001600015</subfield></datafield><datafield ind1=" " ind2=" " tag="040"><subfield code="a">ANN</subfield><subfield code="b">eng</subfield><subfield code="c">ANN</subfield><subfield code="d">OCLCQ</subfield><subfield code="d">OCLCO</subfield></datafield><datafield ind1="1" ind2=" " tag="029"><subfield code="a">AU@</subfield><subfield code="b">000022280932</subfield></datafield><datafield ind1=" " ind2=" " tag="042"><subfield code="a">msc</subfield></datafield><datafield ind1=" " ind2=" " tag="043"><subfield code="a">n-us-az</subfield></datafield><datafield ind1="0" ind2="4" tag="245"><subfield code="a">The Cochise County news.</subfield></datafield><datafield ind1=" " ind2=" " tag="260"><subfield code="a">Bisbee, Ariz. :</subfield><subfield code="b">Bisbee Pub. Co.,</subfield><subfield code="c">2000-</subfield></datafield><datafield ind1=" " ind2=" " tag="300"><subfield code="a">v. :</subfield><subfield code="b">ill. (some col.)</subfield></datafield><datafield ind1=" " ind2=" " tag="310"><subfield code="a">Weekly</subfield></datafield><datafield ind1="1" ind2=" " tag="362"><subfield code="a">Began in Dec. 2000; ceased in 2001?</subfield></datafield><datafield ind1=" " ind2=" " tag="500"><subfield code="a">Publisher: Mary Ellen Corbett.</subfield></datafield><datafield ind1=" " ind2=" " tag="588"><subfield code="a">Description based on: (vol. 6, no. 21)--Dec. 14, 2000.</subfield></datafield><datafield ind1=" " ind2="0" tag="651"><subfield code="a">Bisbee (Ariz.)</subfield><subfield code="v">Newspapers.</subfield></datafield><datafield ind1=" " ind2="0" tag="651"><subfield code="a">Cohise County (Ariz.)</subfield><subfield code="v">Newspapers.</subfield></datafield><datafield ind1=" " ind2=" " tag="752"><subfield code="a">United States</subfield><subfield code="b">Arizona</subfield><subfield code="c">Cochise</subfield><subfield code="d">Bisbee.</subfield></datafield><datafield ind1="0" ind2="0" tag="780"><subfield code="t">Bisbee news</subfield><subfield code="w">(DLC)sn 98058175</subfield></datafield></record>